@book{Xbook,
author = " Bird, Steven and Klein, Erwan and Loper, Edward",
title = "{N}atural {L}anguage {P}rocessing with {P}ython",
publisher = "O'REILLY", 
year = ""
}

@misc{website:Stop_words,
author = "Wikipedia",
title = "Stop words",
month = "January",
year = "2015",
url = "http://en.wikipedia.org/wiki/Stop_words" 
}

@misc{website:tfidf,
author = "Wikipedia",
title = "tfâ€“idf",
month = "February",
year = "2015",
url = "http://en.wikipedia.org/wiki/Tf%E2%80%93idf"
}

@misc{website:Naive_Bayes_classifier,
author = "",
title = "Naive Bayes classifier",
month = "February",
year = "2015",
url = "http://www.ic.unicamp.br/~rocha/teaching/2011s2/mc906/aulas/naive-bayes-classifier.pdf"
}

@misc{website:data_set,
author = "",
title = "The Twitter Political Corpus",
month = "February",
year = "2015",
url = "http://www.usna.edu/Users/cs/nchamber/data/twitter/"
}

@techreport{Maximum_Entropy_for_text_Classification,
author = "Kamal Nigam and John Laffety and Andrew McCallum",
title = "Using Maximum Entropy for text Classification",
institution = "School of computer Science Carnegie Mellon University Pittsburgh", 
year = "",
}

@techreport{Maximum_Entropy_for_text_Classification(2),
author = "Hai Leong Chieu and Hwee Tou Ng",
title = "Named Entity Recognition: A Maximum Entropy Approach
Using Global Information",
institution = "DSO National Laboratories. Department of Computer Science School of Computing National University of Singapore",
name = "", 
year = "",
}

@techreport{Why_We_Twitter,
author = "Akshay Java and Xiaodan Song and Tim Finin and Belle Tseng",
title = "Why We Twitter: Understanding Microblogging Usage and Communities",
institution = "University of Maryland Baltimore County, NEC Laboratories America",
name = "", 
year = "",
}

@techreport{Short_Text_Feature_Selection,
author = "Zitao Liu and Wenchao Yu and Wei Chen and Shuran Wang and Fengyi Wu",
title = "Short Text Feature Selection for Micro-blog Mining",
institution = "International School of Software Wuhan University Wuhan, China. School of Electronics and Information Engineering Sichuan University Chengdu, China",
name = "", 
year = "",
}

@techreport{Sentiment_Analysis,
author = "Julie Kane Ahkter and Steven Soria",
title = "Sentiment Analysis: Facebook Status Messages",
institution = "",
name = "", 
year = "",
}

@techreport{Sentiment_Analysis(2),
author = "Alec Go and Richa Bhayani and Lei Huang",
title = "Twitter Sentiment Classification using Distant Supervision",
institution = "Stanford University",
name = "", 
year = "",

}

